<?xml version="1.0" encoding="UTF-8"?><record xmlns="http://www.loc.gov/MARC21/slim" xmlns:cinclude="http://apache.org/cocoon/include/1.0" xmlns:zs="http://www.loc.gov/zing/srw/">
  <leader>01380cz  a2200301n  4500</leader>
  <controlfield tag="001">n  99801255 </controlfield>
  <controlfield tag="003">DLC</controlfield>
  <controlfield tag="005">20130620073710.0</controlfield>
  <controlfield tag="008">990511n| azannaabn          |b ana      </controlfield>
  <datafield tag="010" ind1=" " ind2=" ">
    <subfield code="a">n  99801255 </subfield>
  </datafield>
  <datafield tag="035" ind1=" " ind2=" ">
    <subfield code="a">(OCoLC)oca04983384</subfield>
  </datafield>
  <datafield tag="040" ind1=" " ind2=" ">
    <subfield code="a">DNLM</subfield>
    <subfield code="b">eng</subfield>
    <subfield code="e">rda</subfield>
    <subfield code="c">DLC</subfield>
    <subfield code="d">OrU</subfield>
    <subfield code="d">DLC</subfield>
    <subfield code="d">OCoLC</subfield>
    <subfield code="d">DNLM</subfield>
  </datafield>
  <datafield tag="110" ind1="2" ind2=" ">
    <subfield code="a">Chinese Red Cross Society</subfield>
  </datafield>
  <datafield tag="410" ind1="2" ind2=" ">
    <subfield code="a">Chinese Red Cross</subfield>
  </datafield>
  <datafield tag="410" ind1="2" ind2=" ">
    <subfield code="a">Red Cross Society of China</subfield>
  </datafield>
  <datafield tag="410" ind1="2" ind2=" ">
    <subfield code="a">Zhongguo hong shi zi hui</subfield>
  </datafield>
  <datafield tag="410" ind1="2" ind2=" ">
    <subfield code="a">中国红十字会</subfield>
  </datafield>
  <datafield tag="410" ind1="2" ind2=" ">
    <subfield code="a">中國紅十字會</subfield>
  </datafield>
  <datafield tag="410" ind1="2" ind2=" ">
    <subfield code="a">Zhongguo hong shi zi hui zong hui</subfield>
  </datafield>
  <datafield tag="410" ind1="2" ind2=" ">
    <subfield code="a">中国红十字会总会</subfield>
  </datafield>
  <datafield tag="410" ind1="2" ind2=" ">
    <subfield code="a">中國紅十字會總會</subfield>
  </datafield>
  <datafield tag="667" ind1=" " ind2=" ">
    <subfield code="a">Machine-derived non-Latin script reference project.</subfield>
  </datafield>
  <datafield tag="667" ind1=" " ind2=" ">
    <subfield code="a">Non-Latin script references not evaluated.</subfield>
  </datafield>
  <datafield tag="670" ind1=" " ind2=" ">
    <subfield code="a">Reeves, Caroline Beth. The power of mercy, c1998:</subfield>
    <subfield code="b">t.p. (Chinese Red Cross Society) p. 1 (Chinese Red Cross)</subfield>
  </datafield>
  <datafield tag="670" ind1=" " ind2=" ">
    <subfield code="a">Disaster strikes the Tachens, 1955:</subfield>
    <subfield code="b">t.p. (Red Cross Society of China)</subfield>
  </datafield>
  <datafield tag="670" ind1=" " ind2=" ">
    <subfield code="a">Zhongguo hong shi zi hui shou jie guo ji gong yi hai bao da zhan zuo pin xuan, 2003:</subfield>
    <subfield code="b">t.p. (Zhongguo hong shi zi hui)</subfield>
  </datafield>
  <datafield tag="670" ind1=" " ind2=" ">
    <subfield code="a">Jia ting wei sheng, 1956:</subfield>
    <subfield code="b">t.p. (中國紅十字會總會 = Zhongguo hong shi zi hui zong hui)</subfield>
  </datafield>
  <datafield tag="670" ind1=" " ind2=" ">
    <subfield code="a">Jian hai jiu chu, ji ji fang bing, ren ren yu bing hai zuo dou zheng!, 1960:</subfield>
    <subfield code="b">t.p. (中国红十字会总会 = Zhongguo hong shi zi hui zong hui)</subfield>
  </datafield>
</record>